<?xml version="1.0" encoding="UTF-8"?><record xmlns="http://www.loc.gov/MARC21/slim" xmlns:cinclude="http://apache.org/cocoon/include/1.0" xmlns:zs="http://www.loc.gov/zing/srw/">
  <leader>01200cz  a2200217n  4500</leader>
  <controlfield tag="001">n 2006014243</controlfield>
  <controlfield tag="003">DLC</controlfield>
  <controlfield tag="005">20071018074955.0</controlfield>
  <controlfield tag="008">060227n| acannaabn          |a aaa      </controlfield>
  <datafield tag="010" ind1=" " ind2=" ">
    <subfield code="a">n 2006014243</subfield>
  </datafield>
  <datafield tag="035" ind1=" " ind2=" ">
    <subfield code="a">(OCoLC)oca06866776</subfield>
  </datafield>
  <datafield tag="040" ind1=" " ind2=" ">
    <subfield code="a">DLC</subfield>
    <subfield code="b">eng</subfield>
    <subfield code="c">DLC</subfield>
    <subfield code="d">ICU</subfield>
    <subfield code="d">DLC</subfield>
    <subfield code="d">InU</subfield>
  </datafield>
  <datafield tag="100" ind1="1" ind2=" ">
    <subfield code="a">Karataev, Olzhobaĭ Kubatbek uulu</subfield>
  </datafield>
  <datafield tag="400" ind1="1" ind2=" ">
    <subfield code="a">Karataev, O.</subfield>
    <subfield code="q">(Olzhobaĭ)</subfield>
  </datafield>
  <datafield tag="400" ind1="1" ind2=" ">
    <subfield code="a">Karataev, Olzhobaĭ Kubatbekovich</subfield>
  </datafield>
  <datafield tag="400" ind1="1" ind2=" ">
    <subfield code="a">Karataev, O. K.</subfield>
    <subfield code="q">(Olzhobaĭ Kubatbekovich)</subfield>
  </datafield>
  <datafield tag="400" ind1="1" ind2=" ">
    <subfield code="a">Karatayev, Olcobay</subfield>
  </datafield>
  <datafield tag="670" ind1=" " ind2=" ">
    <subfield code="a">Karataev, Olzhobaĭ Kubatbek uulu. Kyrgyzdardyn ėtnomadaniĭ baĭlanyshtarynyn tarykhynan, 2003:</subfield>
    <subfield code="b">t.p. (Karataev Olzhobaĭ Kubatbek uulu) cover (Karataev Olzhobaĭ Kubatbekovich) verso t.p. (Karataev O.)</subfield>
  </datafield>
  <datafield tag="670" ind1=" " ind2=" ">
    <subfield code="a">Kyrgyz ėtnografii︠a︡sy boi︠u︡ncha sȯzdu̇k, 2005:</subfield>
    <subfield code="b">t.p. (Karataev Olzhobaĭ Kubatbekovich) cover (Olzhobaĭ Karataev) verso t.p. (Karataev O.K.) p. 3 (b. 1963)</subfield>
  </datafield>
  <datafield tag="670" ind1=" " ind2=" ">
    <subfield code="a">Kyrgyz ėtnonimder sȯzdu̇gu̇, 2003:</subfield>
    <subfield code="b">t.p. (Olzhobaĭ Karataev) added t.p. (Olcobay Karatayev [in rom.])</subfield>
  </datafield>
  <datafield tag="670" ind1=" " ind2=" ">
    <subfield code="a">Kyrgyz ėtnografii︠a︡sy boi︠u︡ncha sȯzdu̇k, 2005:</subfield>
    <subfield code="b">p. 3 (Karataev, Olzhobaĭ Kubatbekovich; b. 1963 in Suzak raĭon, Kyrgyzstan)</subfield>
  </datafield>
</record>